<record><leader>00000cas a22000007a 4500</leader><controlfield tag="001">36434122</controlfield><controlfield tag="008">970224d19431979sduwr ne      0    0eng d</controlfield><datafield ind1=" " ind2=" " tag="010"><subfield code="a">sn 97065737 </subfield></datafield><datafield ind1=" " ind2=" " tag="040"><subfield code="a">SXN</subfield><subfield code="b">eng</subfield><subfield code="c">SXN</subfield><subfield code="d">OCLCQ</subfield><subfield code="d">CRL</subfield><subfield code="d">OCLCQ</subfield><subfield code="d">OCLCF</subfield></datafield><datafield ind1="1" ind2=" " tag="029"><subfield code="a">AU@</subfield><subfield code="b">000013137043</subfield></datafield><datafield ind1=" " ind2=" " tag="042"><subfield code="a">msc</subfield></datafield><datafield ind1=" " ind2=" " tag="043"><subfield code="a">n-us-sd</subfield></datafield><datafield ind1="0" ind2=" " tag="130"><subfield code="a">Sturgis tribune (Sturgis, S.D. : 1943)</subfield></datafield><datafield ind1="1" ind2="4" tag="245"><subfield code="a">The Sturgis tribune.</subfield></datafield><datafield ind1=" " ind2=" " tag="260"><subfield code="a">Sturgis, S.D. :</subfield><subfield code="b">Frank J. Hunn</subfield></datafield><datafield ind1=" " ind2=" " tag="300"><subfield code="a">v.</subfield></datafield><datafield ind1=" " ind2=" " tag="310"><subfield code="a">Weekly,</subfield><subfield code="b">Sept. 16, 1959-1979</subfield></datafield><datafield ind1=" " ind2=" " tag="321"><subfield code="a">Weekly,</subfield><subfield code="b">1943-Apr. 16, 1959</subfield></datafield><datafield ind1=" " ind2=" " tag="321"><subfield code="a">Semiweekly,</subfield><subfield code="b">Apr. 21-Sept. 11, 1959</subfield></datafield><datafield ind1="0" ind2=" " tag="362"><subfield code="a">Vol. 15, no. 1 (Dec. 16, 1943)-v. 42, no. 7 (Dec. 26, 1979).</subfield></datafield><datafield ind1=" " ind2=" " tag="515"><subfield code="a">Volume and issue numbering irregular.</subfield></datafield><datafield ind1=" " ind2=" " tag="530"><subfield code="a">Available on microfilm from: State Archives, South Dakota State Historical Society.</subfield></datafield><datafield ind1=" " ind2=" " tag="580"><subfield code="a">Weekend ed.: Black Hills press, 1959-1979.</subfield></datafield><datafield ind1=" " ind2=" " tag="580"><subfield code="a">Merged with: Meade County times (Sturgis, S.D.), to form: Meade County times-tribune.</subfield></datafield><datafield ind1=" " ind2="0" tag="651"><subfield code="a">Sturgis (S.D.)</subfield><subfield code="v">Newspapers.</subfield></datafield><datafield ind1=" " ind2="0" tag="651"><subfield code="a">Meade County (S.D.)</subfield><subfield code="v">Newspapers.</subfield></datafield><datafield ind1=" " ind2="7" tag="655"><subfield code="a">Newspapers.</subfield><subfield code="2">fast</subfield><subfield code="0">(OCoLC)fst01423814</subfield></datafield><datafield ind1=" " ind2="7" tag="651"><subfield code="a">South Dakota</subfield><subfield code="z">Meade County.</subfield><subfield code="2">fast</subfield><subfield code="0">(OCoLC)fst01206122</subfield></datafield><datafield ind1=" " ind2="7" tag="651"><subfield code="a">South Dakota</subfield><subfield code="z">Sturgis.</subfield><subfield code="2">fast</subfield><subfield code="0">(OCoLC)fst01228903</subfield></datafield><datafield ind1=" " ind2=" " tag="752"><subfield code="a">United States</subfield><subfield code="b">South Dakota</subfield><subfield code="c">Meade</subfield><subfield code="d">Sturgis.</subfield></datafield><datafield ind1="1" ind2=" " tag="775"><subfield code="t">Black Hills press</subfield><subfield code="w">(DLC)sn 97065742</subfield></datafield><datafield ind1="0" ind2="0" tag="780"><subfield code="t">Sturgis tribune and the Chalkbutte news</subfield><subfield code="w">(DLC)sn 97065738</subfield></datafield><datafield ind1="0" ind2="5" tag="780"><subfield code="t">Sturgis weekly record</subfield><subfield code="w">(DLC)sn 97065735</subfield><subfield code="w">(OCoLC)18090481</subfield></datafield><datafield ind1="1" ind2="7" tag="785"><subfield code="t">Meade County times (Sturgis, S.D.)</subfield><subfield code="w">(DLC)sn 97065744</subfield></datafield><datafield ind1="1" ind2="7" tag="785"><subfield code="t">Meade County times-tribune</subfield><subfield code="w">(DLC)sn 97065745</subfield></datafield></record>